@Book{data_mining,
author =     {Anand Rajaraman, Jure Leskovec and Jeffrey D. Ullman},
title =      {Mining of Massive Datasets},
publisher =    {Milliway Labs - Stanford Univ.},
howpublished = "\url{http://infolab.stanford.edu/~ullman/mmds/book.pdf}",
year =     {2010},
language =     "english"
}





@misc{porsuit,
author =     {Masthoff, J.},
title =      {The Pursuit of Satisfaction: Affective State in Group Recommender Systems},
howpublished = "Book}",
note = "[Online; accessed 17-April-2018]"
language =     "english"
}

@misc{brokenw,
author =     {Wikipedia},
title =      {Теория разбитых окон},
howpublished = "\url{https://en.wikipedia.org/wiki/Broken_windows_theory}",
note = "[Online; accessed 17-April-2018]"
language =     "english"
}

@misc{oregon,
author =     {Oregons's government},
title =      {Metro (Oregon regional government},
howpublished = "\url{https://www.oregonmetro.gov/}",
note = "[Online; accessed 17-April-2018]"
language =     "english"
}

@misc{nextdoor,
author = {Sarah Leary, Nirav Tolia, Prakash Janakiraman and David Wiesen},
title = {Nextdoor is a private social networking service for neighborhoods},
howpublished = "\url{https://en.wikipedia.org/wiki/Nextdoor}",
note = "[Online; accessed 17-April-2018]"
language =     "english"
}

@misc{shared_economy,
author = {Wikipedia},
title = {Collaborative consumption},
howpublished = "\url{https://en.wikipedia.org/wiki/Collaborative_consumption}",
note = "[Online; accessed 17-April-2018]"
language =     "russian"
}

@misc{planned_obsolescence,
author = {Wikipedia},
title = {Planned obsolescence},
howpublished = "\url{https://en.wikipedia.org/wiki/Planned_obsolescence}",
note = "[Online; accessed 17-April-2018]"
language =     "english"
}

@misc{screenless,
author = {Gunjan Malani},
title = {Screenless Display Market Analysis Forecast to 2015 – 2020},
howpublished = "\url{https://www.alliedmarketresearch.com/screenless-display-market}",
note = "[Online; accessed 17-April-2018]"
language =     "english"
}

@misc{filtering_system,
author = "Bita Shams and Saman Haratizadeh",
title = "Graph-based Collaborative Ranking",
howpublished = "\url{https://arxiv.org/pdf/1604.03147.pdf}",
note = "[Online; accessed 17-April-2018]"
language =     "english"
}


@misc{topn,
author = "MUKUND DESHPANDE and GEORGE KARYPIS",
title = "Item-Based Top-N Recommendation Algorithms",
howpublished = "\url{http://glaros.dtc.umn.edu/gkhome/fetch/papers/itemrsTOIS04.pdf}",
note = "[Online; accessed 17-April-2018]"
language =     "english"
}


@misc{metrics,
author = "Denis Parra, a PhD student at University of Pittsburgh",
title = "The 10 recommender system metrics you should know about",
howpublished = "\url{http://bickson.blogspot.ru/2012/10/the-10-recommender-system-metrics-you.html}",
note = "[Online; accessed 17-April-2018]"
}

@misc{recommender_system,
author = "Paul Resnick and Hal R. Varian",
title = "Recommender systems",
howpublished = "\url{https://www.ischool.utexas.edu/~i385d/readings/Resnick_Recommender_97.pdf}",
note = "[Online; accessed 28-May-2018]"
language =     "english"
}


@misc{cbcf,
author = "Marko Balabanovic and Yoav Shoham",
title = "Content-Based, Collaborative Recommendation",
howpublished = "book",
note = "[Online; accessed 07-May-2018]"
}

@misc{amazon,
author = "Greg Linden, Brent Smith, and Jeremy York",
title = "Item-to-Item Collaborative Filtering",
howpublished = "book}",
note = "[Online; accessed 26-May-2018]"
language =     "english"
}

@misc{tdidf,
author = "Álvaro Santos Andres",
title = "Creating a Recommender System",
howpublished = "\url{https://events.static.linuxfound.org/sites/events/files/slides/Apache_Big_Data_2017_Presentation.pdf}",
note = "[Online; accessed 26-May-2018]"
language =     "english"
}

@misc{tdidfwiki,
author = "Wikipedia",
title = "Tf-idf",
howpublished = "\url{https://es.wikipedia.org/wiki/Tf-idf}",
note = "[Online; accessed 26-May-2018]"
language =     "english"
}




@misc{retrieve,
author = "Gerard Salton and Chris Buckley Depattment of Computer Science, Cornell University, Ithaca, NY",
title = "Improving Retrieval Performance by Relevance Feedback",
howpublished = "book",
note = "[Online; accessed 26-May-2018]"
language =     "english"
}


@misc{lakes,
author = "Amazon AWS homesite",
title = "Data Lakes compared to Data Warehouses – two different approaches",
howpublished = "\url{https://aws.amazon.com/big-data/datalakes-and-analytics/what-is-a-data-lake/}",
note = "[Online; accessed 26-May-2018]"
language =     "english"
}

@misc{hla,
author = "Wikipedia",
title = "High Level Arquitecture",
howpublished = "\url{https://en.wikipedia.org/wiki/High-level_architecture}",
note = "[Online; accessed 25-Jun-2018]"
language =     "english"
}

@misc{rti,
author = "Wikipedia",
title = "Runtime infraestructure",
howpublished = "\url{http://www.openrobots.org/morse/doc/1.3/user/multinode/hla.html}",
note = "[Online; accessed 25-Jun-2018]"
language =     "english"
}


@misc{revitalization,
author = "Oregonmetro",
title = "guide-downtown-revitalization",
howpublished = "\url{http://www.oregonmetro.gov/es/tools-partners/guides-and-tools/guide-downtown-revitalization}",
note = "[Online; accessed 25-Jun-2018]"
language =     "english"
}
@misc{development,
author = "Oregonmetro",
title = "guide-nature-friendly-development",
howpublished = "\url{http://www.oregonmetro.gov/es/guide-nature-friendly-development}",
note = "[Online; accessed 25-Jun-2018]"
language =     "english"
}
@misc{streets,
author = "Oregonmetro",
title = "guide-safe-and-healthy-streets",
howpublished = "\url{http://www.oregonmetro.gov/es/tools-partners/guides-and-tools/guide-safe-and-healthy-streets}",
note = "[Online; accessed 25-Jun-2018]"
language =     "english"
}

@misc{toolkit,
author = "Oregonmetro",
title = "community-investment-toolkit",
howpublished = "\url{http://www.oregonmetro.gov/es/tools-partners/guides-and-tools/community-investment-toolkit}",
note = "[Online; accessed 25-Jun-2018]"
language =     "english"
}

@misc{plans,
author = "Oregonmetro",
title = "local-transportation-system-plans",
howpublished = "\url{http://www.oregonmetro.gov/es/local-transportation-system-plans}",
note = "[Online; accessed 25-Jun-2018]"
language =     "english"
}

@misc{housing,
author = "Oregonmetro",
title = "guide-equitable-housing",
howpublished = "\url{http://www.oregonmetro.gov/es/tools-partners/guides-and-tools/guide-equitable-housing}",
note = "[Online; accessed 25-Jun-2018]"
language =     "english"
}

@misc{living,
author = "Oregonmetro",
title = "tools-living",
howpublished = "\url{https://www.oregonmetro.gov/tools-living}",
note = "[Online; accessed 25-Jun-2018]"
language =     "english"
}

@misc{recycling,
author = "Oregonmetro",
title = "garbage-and-recycling",
howpublished = "\url{https://www.oregonmetro.gov/tools-living/garbage-and-recycling}",
note = "[Online; accessed 25-Jun-2018]"
language =     "english"
}

@misc{home,
author = "Oregonmetro",
title = "healthy-home",
howpublished = "\url{https://www.oregonmetro.gov/tools-living/healthy-home}",
note = "[Online; accessed 25-Jun-2018]"
language =     "english"
}




@misc{around,
author = "Oregonmetro",
title = "getting-around",
howpublished = "\url{https://www.oregonmetro.gov/tools-living/getting-around}",
note = "[Online; accessed 25-Jun-2018]"
language =     "english"
}

@misc{working,
author = "Oregonmetro",
title = "tools-working",
howpublished = "\url{https://www.oregonmetro.gov/tools-working}",
note = "[Online; accessed 25-Jun-2018]"
language =     "english"
}


@misc{recycling,
author = "Oregonmetro",
title = "guide-construction-salvage-and-recycling",
howpublished = "\url{https://www.oregonmetro.gov/tools-working/guide-construction-salvage-and-recycling}",
note = "[Online; accessed 25-Jun-2018]"
language =     "english"
}

@misc{pwaste,
author = "Oregonmetro",
title = "guide-managing-paint-waste",
howpublished = "\url{https://www.oregonmetro.gov/tools-working/guide-managing-paint-waste}",
note = "[Online; accessed 25-Jun-2018]"
language =     "english"
}

@misc{work,
author = "Oregonmetro",
title = "guide-recycling-work",
howpublished = "\url{https://www.oregonmetro.gov/tools-working/guide-recycling-work}",
note = "[Online; accessed 25-Jun-2018]"
language =     "english"
}

@misc{disposal,
author = "Oregonmetro",
title = "guide-small-business-hazardous-waste-disposal",
howpublished = "\url{https://www.oregonmetro.gov/tools-working/guide-small-business-hazardous-waste-disposal}",
note = "[Online; accessed 25-Jun-2018]"
language =     "english"
}

@misc{waste,
author = "Oregonmetro",
title = "reducing-food-waste",
howpublished = "\url{https://www.oregonmetro.gov/tools-working/reducing-food-waste}",
note = "[Online; accessed 25-Jun-2018]"
language =     "english"
}

@misc{centers,
author = "Oregonmetro",
title = "guide-toxics-free-child-care-centers",
howpublished = "\url{https://www.oregonmetro.gov/tools-working/guide-toxics-free-child-care-centers}",
note = "[Online; accessed 25-Jun-2018]"
language =     "english"
}

@misc{license,
author = "Oregonmetro",
title = "regional-contractors-business-license",
howpublished = "\url{https://www.oregonmetro.gov/tools-working/regional-contractors-business-license}",
note = "[Online; accessed 25-Jun-2018]"
language =     "english"
}

@misc{operators,
author = "Oregonmetro",
title = "tools-haulers-and-facility-operators",
howpublished = "\url{https://www.oregonmetro.gov/tools-working/tools-haulers-and-facility-operators}",
note = "[Online; accessed 25-Jun-2018]"
language =     "english"
}

@misc{employers,
author = "Oregonmetro",
title = "guide-travel-options-employers",
howpublished = "\url{https://www.oregonmetro.gov/tools-working/guide-travel-options-employers}",
note = "[Online; accessed 25-Jun-2018]"
language =     "english"
}

@misc{partners,
author = "Oregonmetro",
title = "tools-partners",
howpublished = "\url{https://www.oregonmetro.gov/tools-partners}",
note = "[Online; accessed 25-Jun-2018]"
language =     "english"
}


@misc{resources,
author = "Oregonmetro",
title = "grants-and-resources",
howpublished = "\url{https://www.oregonmetro.gov/tools-partners/grants-and-resources}",
note = "[Online; accessed 25-Jun-2018]"
language =     "english"
}

@misc{tools,
author = "Oregonmetro",
title = "guides-and-tools",
howpublished = "\url{https://www.oregonmetro.gov/tools-partners/guides-and-tools}",
note = "[Online; accessed 25-Jun-2018]"
language =     "english"
}

@misc{center,
author = "Oregonmetro",
title = "data-resource-center",
howpublished = "\url{https://www.oregonmetro.gov/tools-partners/data-resource-center}",
note = "[Online; accessed 25-Jun-2018]"
language =     "english"
}

@Book{vecinos,
author =     {C.C. Aggarwal, Recommender Systems: The Textbook},
title =      {NEIGHBORHOOD-BASED COLLABORATIVE FILTERING},
publisher =    {Springer International Publishing Switzerland 2016},
howpublished = "\url{https://www.springer.com/cda/content/document/cda_downloaddocument/9783319296579-c1.pdf}",
year =     {2016},
note = "[Online; accessed 25-Jun-2018]"
language =     "english"
}


@misc{etl,
author =     {Wikipedia},
title =      {Extract,_transform_and_load},
howpublished = "\url{https://es.wikipedia.org/wiki/Extract,_transform_and_load}",
note = "[Online; accessed 17-April-2018]"
language =     "spanish"
}


@misc{bigdata,
author =     {Wikipedia},
title =      {Big Data que es},
howpublished = "\url{https://www.bit.es/knowledge-center/que-es-big-data-introduccion-a-big-data/}",
note = "[Online; accessed 27-June-2018]"
language =     "spanish"
}

@misc{mysql,
author =     {Wikipedia},
title =      {Mysql},
howpublished = "\url{https://ru.wikipedia.org/wiki/MySQL}",
note = "[Online; accessed 27-June-2018]"
language =     "russian"
}


@misc{,
author =     {Wikipedia},
title =      {язык структурированных запросов},
howpublished = "\url{https://ru.wikipedia.org/wiki/SQL}",
note = "[Online; accessed 27-June-2018]"
language =     "russian"
}


@misc{predictionio,
author =     {Apache},
title =      {PredictionIO},
howpublished = "\url{https://predictionio.apache.org/}",
note = "[Online; accessed 27-June-2018]"
language =     "english"
}


@misc{spark,
author =     {Apache},
title =      {Spark},
howpublished = "\url{https://spark.apache.org/}",
note = "[Online; accessed 27-June-2018]"
language =     "english"
}

@misc{hadoop,
author =     {Apache},
title =      {Apache Hadoop},
howpublished = "\url{https://es.wikipedia.org/wiki/Apache_Hadoop}",
note = "[Online; accessed 27-June-2018]"
language =     "spanish"
}

@misc{rdd,
author =     {databricks},
title =      {Resilient Distributed Dataset},
howpublished = "\url{https://databricks.com/glossary/what-is-rdd}",
note = "[Online; accessed 27-June-2018]"
language =     "english"
}

@misc{comparison,
author =     {Edureka},
title =      {Apache Spark beginners guide},
howpublished = "\url{https://www.edureka.co/blog/spark-tutorial//}",
note = "[Online; accessed 27-June-2018]"
language =     "english"
}

@misc{ec2,
author =     {Amazon Elastic Compute Cloud},
title =      {Amazon EC2},
howpublished = "\url{https://docs.aws.amazon.com/es_es/AWSEC2/latest/UserGuide/concepts.html}",
note = "[Online; accessed 27-June-2018]"
language =     "english"
}

@misc{sql,
author =     {w3schools},
title =      {sql tutoria},
howpublished = "\url{https://www.w3schools.com/sql/}",
note = "[Online; accessed 27-June-2018]"
language =     "english"
}













